@article{2012,
  author = {CMS/CERN},
  title = {{A New Boson with a Mass of 125 GeV Observed with the CMS Experiment at the Large Hadron Collider}},
  volume = {338},
  number = {6114},
  pages = {1569-1575},
  year = {2012},
  doi = {10.1126/science.1230816},
  eprint = {http://www.sciencemag.org/content/338/6114/1569.full.pdf},
  journal = {Science},
}


@article{Holstein_2009,
  doi = {10.1088/1742-6596/173/1/012019},
  url = {http://dx.doi.org/10.1088/1742-6596/173/1/012019},
  year = {2009},
  month = {jun},
  publisher = {{IOP} Publishing},
  volume = {173},
  pages = {012019},
  author = {Barry R Holstein},
  title = {{The mysterious disappearance of Ettore Majorana}},
  journal = {J. Phys.: Conf. Ser.},
}


@article{Eisenhardt1989,
  annote = {Process of case study research},
  author = {Eisenhardt, K. M.},
  file = {:Users/gralla/Documents/Work/Research/Literature/Mendeley Papers New/Eisenhardt - 1989 - Building Theories from Case Research.pdf:pdf},
  journal = {The Academy of Management Review},
  keywords = {qualitative methods},
  mendeley-groups = {Qualitative Methods},
  mendeley-tags = {qualitative methods},
  number = {4},
  pages = {532--550},
  title = {{Building Theories from Case Research}},
  volume = {14},
  year = {1989},
}
